@misc{cryptoeprint:2014:106,
    author = {Shai Halevi and Victor Shoup},
    title = {Algorithms in HElib},
    howpublished = {Cryptology ePrint Archive, Report 2014/106},
    year = {2014},
    note = {\url{http://eprint.iacr.org/}},
}

@misc{cryptoeprint:2014:873,
    author = {Shai Halevi and Victor Shoup},
    title = {Bootstrapping for HElib},
    howpublished = {Cryptology ePrint Archive, Report 2014/873},
    year = {2014},
    note = {\url{http://eprint.iacr.org/}},
}

@article{halevi2013design,
  title={Design and Implementation of a Homomorphic-Encryption Library},
  author={Halevi, Shai and Shoup, Victor},
  year={2013}
}

@article{rivest1978data,
  title={On data banks and privacy homomorphisms},
  author={Rivest, Ronald L and Adleman, Len and Dertouzos, Michael L},
  journal={Foundations of secure computation},
  volume={4},
  number={11},
  pages={169--180},
  year={1978}
}

@phdthesis{gentry2009fully,
  title={A fully homomorphic encryption scheme},
  author={Gentry, Craig},
  year={2009},
  school={Stanford University}
}

@misc{cryptoeprint:2010:520,
    author = {Craig Gentry and Shai Halevi},
    title = {Implementing Gentry's Fully-Homomorphic Encryption Scheme},
    howpublished = {Cryptology ePrint Archive, Report 2010/520},
    year = {2010},
    note = {\url{http://eprint.iacr.org/}},
}

@misc{cryptoeprint:2010:299,
    author = {Damien Stehle and Ron Steinfeld},
    title = {Faster Fully Homomorphic Encryption},
    howpublished = {Cryptology ePrint Archive, Report 2010/299},
    year = {2010},
    note = {\url{http://eprint.iacr.org/}},
}

@incollection{smart2010fully,
  title={Fully homomorphic encryption with relatively small key and ciphertext sizes},
  author={Smart, Nigel P and Vercauteren, Frederik},
  booktitle={Public Key Cryptography--PKC 2010},
  pages={420--443},
  year={2010},
  publisher={Springer}
}

@misc{cryptoeprint:2011:133,
    author = {N.P. Smart and F. Vercauteren},
    title = {Fully Homomorphic SIMD Operations},
    howpublished = {Cryptology ePrint Archive, Report 2011/133},
    year = {2011},
    note = {\url{http://eprint.iacr.org/}},
}

@misc{cryptoeprint:2011:279,
    author = {Craig Gentry and Shai Halevi},
    title = {Fully Homomorphic Encryption without Squashing Using Depth-3 Arithmetic Circuits},
    howpublished = {Cryptology ePrint Archive, Report 2011/279},
    year = {2011},
    note = {\url{http://eprint.iacr.org/}},
}

@incollection{brakerski2013packed,
  title={Packed ciphertexts in LWE-based homomorphic encryption},
  author={Brakerski, Zvika and Gentry, Craig and Halevi, Shai},
  booktitle={Public-Key Cryptography--PKC 2013},
  pages={1--13},
  year={2013},
  publisher={Springer}
}

@incollection{coron2012public,
  title={Public key compression and modulus switching for fully homomorphic encryption over the integers},
  author={Coron, Jean-S{\'e}bastien and Naccache, David and Tibouchi, Mehdi},
  booktitle={Advances in Cryptology--EUROCRYPT 2012},
  pages={446--464},
  year={2012},
  publisher={Springer}
}

@misc{cryptoeprint:2011:277,
    author = {Zvika Brakerski and Craig Gentry and Vinod Vaikuntanathan},
    title = {Fully Homomorphic Encryption without Bootstrapping},
    howpublished = {Cryptology ePrint Archive, Report 2011/277},
    year = {2011},
    note = {\url{http://eprint.iacr.org/}},
}

@misc{cryptoeprint:2011:344,
    author = {Zvika Brakerski and Vinod Vaikuntanathan},
    title = {Efficient Fully Homomorphic Encryption from (Standard) LWE},
    howpublished = {Cryptology ePrint Archive, Report 2011/344},
    year = {2011},
    note = {\url{http://eprint.iacr.org/}},
}

@misc{cryptoeprint:2012:078,
    author = {Zvika Brakerski},
    title = {Fully Homomorphic Encryption without Modulus Switching from Classical GapSVP},
    howpublished = {Cryptology ePrint Archive, Report 2012/078},
    year = {2012},
    note = {\url{http://eprint.iacr.org/}},
}

@misc{cryptoeprint:2013:094,
    author = {Adriana Lopez-Alt and Eran Tromer and Vinod Vaikuntanathan},
    title = {On-the-Fly Multiparty Computation on the Cloud via Multikey Fully Homomorphic Encryption},
    howpublished = {Cryptology ePrint Archive, Report 2013/094},
    year = {2013},
    note = {\url{http://eprint.iacr.org/}},
}

@misc{cryptoeprint:2013:340,
    author = {Craig Gentry and Amit Sahai and Brent Waters},
    title = {Homomorphic Encryption from Learning with Errors: Conceptually-Simpler, Asymptotically-Faster, Attribute-Based},
    howpublished = {Cryptology ePrint Archive, Report 2013/340},
    year = {2013},
    note = {\url{http://eprint.iacr.org/}},
}